@Manual{R-CodeDepends,
  title = {CodeDepends: Analysis of R code for reproducible research and code comprehension},
  author = {Duncan {Temple Lang} and Roger Peng and Deborah Nolan and Gabriel Becker},
  note = {R package version 0.4-2},
  year = {2017},
}
@Manual{R-ddR,
  title = {ddR: Distributed Data Structures in R},
  author = {Edward Ma and Indrajit Roy and Michael Lawrence},
  note = {R package version 0.1.3},
  url = {https://github.com/vertica/ddR/},
  year = {2017},
}
@Manual{R-future,
  title = {future: A Future API for R},
  author = {Henrik Bengtsson},
  note = {R package version 1.2.0-9000},
  url = {https://github.com/HenrikBengtsson/future},
  year = {2017},
}
@Manual{R-knitr,
  title = {knitr: A General-Purpose Package for Dynamic Report Generation in R},
  author = {Yihui Xie},
  year = {2016},
  note = {R package version 1.15.1},
  url = {https://CRAN.R-project.org/package=knitr},
}
@Manual{R-partools,
  title = {partools: Tools for the 'Parallel' Package},
  author = {Norm Matloff and with contributions by Alex Rumbaugh and Hadley Wickham},
  note = {R package version 1.1.5},
  url = {https://github.com/matloff/partools},
  year = {2017},
}
@Manual{R-profvis,
  title = {profvis: Interactive Visualizations for Profiling R Code},
  author = {Winston Chang and Javier Luraschi},
  year = {2017},
  note = {R package version 0.3.3},
  url = {https://CRAN.R-project.org/package=profvis},
}
@Manual{R-RCIndex,
  title = {RCIndex: R Interface to the clang parser's C API},
  author = {Duncan {Temple Lang}},
  note = {R package version 0.3-0},
  url = {http://www.omegahat.org/RCIndex},
  year = {2017},
}
@Manual{R-RCodeGen,
  title = {RCodeGen: Functionality to help creating code for R, C/C++},
  author = {Duncan {Temple Lang}},
  note = {R package version 0.2-0},
  url = {http://www.omegahat.org/RCodeGen},
  year = {2017},
}
@Manual{R-Rcpp,
  title = {Rcpp: Seamless R and C++ Integration},
  author = {Dirk Eddelbuettel and Romain Francois and JJ Allaire and Kevin Ushey and Qiang Kou and Douglas Bates and John Chambers},
  year = {2016},
  note = {R package version 0.12.5},
  url = {https://CRAN.R-project.org/package=Rcpp},
}
