@article{matloff2014software,
  title={Software alchemy: turning complex statistical computations into embarrassingly-parallel ones},
  author={Matloff, Norman},
  journal={arXiv preprint arXiv:1409.5827},
  year={2014}
}
@article{kane2010bigmemory,
  title={bigmemory: Manage massive matrices with shared memory and memory-mapped files},
  author={Kane, Michael J and Emerson, John W},
  journal={R package version},
  volume={4},
  number={3},
  year={2010}
}
@article{malakhov2016composable,
  title={Composable Multi-Threading for Python Libraries},
  author={Malakhov, Anton},
  year={2016}
}
@article{swan2015connected,
  title={Connected car: quantified self becomes quantified car},
  author={Swan, Melanie},
  journal={Journal of Sensor and Actuator Networks},
  volume={4},
  number={1},
  pages={2--29},
  year={2015},
  publisher={Multidisciplinary Digital Publishing Institute}
}
@inproceedings{jia2001pems,
  title={The PeMS algorithms for accurate, real-time estimates of g-factors and speeds from single-loop detectors},
  author={Jia, Zhanfeng and Chen, Chao and Coifman, Ben and Varaiya, Pravin},
  booktitle={Intelligent Transportation Systems, 2001. Proceedings. 2001 IEEE},
  pages={536--541},
  year={2001},
  organization={IEEE}
}
@inproceedings{zhang2016hogwild,
  title={HogWild++: A New Mechanism for Decentralized Asynchronous Stochastic Gradient Descent},
  author={Zhang, Huan and Hsieh, Cho-Jui and Akella, Venkatesh},
  year={2016},
  organization={ICDM}
}
@inproceedings{swig,
 author = {Beazley, David M.},
 title = {SWIG: An Easy to Use Tool for Integrating Scripting Languages with C and C++},
 booktitle = {Proceedings of the 4th Conference on USENIX Tcl/Tk Workshop, 1996 - Volume 4},
 series = {TCLTK'96},
 year = {1996},
 location = {Monterey, California},
 pages = {15--15},
 numpages = {1},
 url = {http://dl.acm.org/citation.cfm?id=1267498.1267513},
 acmid = {1267513},
 publisher = {USENIX Association},
 address = {Berkeley, CA, USA},
} 
@article{opencv_library,
    author = {Bradski, G.},
    citeulike-article-id = {2236121},
    journal = {Dr. Dobb's Journal of Software Tools},
    keywords = {bibtex-import},
    posted-at = {2008-01-15 19:21:54},
    priority = {4},
    title = {opencv},
    year = {2000}
}
@Manual{R-ddR,
  title = {ddR: Distributed Data Structures in R},
  author = {Edward Ma and Indrajit Roy and Michael Lawrence},
  note = {R package version 0.1.3},
  url = {https://github.com/vertica/ddR/},
  year = {2016},
}
@Manual{R-partools,
  title = {partools: Tools for the 'Parallel' Package},
  author = {Norm Matloff and with contributions by Alex Rumbaugh and Hadley Wickham},
  note = {R package version 1.1.5},
  url = {https://github.com/matloff/partools},
  year = {2016},
}
@Manual{R-RCIndex,
  title = {RCIndex: R Interface to the clang parser's C API},
  author = {Duncan {Temple Lang}},
  note = {R package version 0.3-0},
  url = {http://www.omegahat.org/RCIndex},
  year = {2016},
}
@Manual{R-RCodeGen,
  title = {RCodeGen: Functionality to help creating code for R, C/C++},
  author = {Duncan {Temple Lang}},
  note = {R package version 0.2-0},
  url = {http://www.omegahat.org/RCodeGen},
  year = {2016},
}
@Manual{R-Rcpp,
  title = {Rcpp: Seamless R and C++ Integration},
  author = {Dirk Eddelbuettel and Romain Francois and JJ Allaire and Kevin Ushey and Qiang Kou and Douglas Bates and John Chambers},
  year = {2016},
  note = {R package version 0.12.5},
  url = {https://CRAN.R-project.org/package=Rcpp},
}
