@inproceedings{lu2007freeway,
  title={Freeway traffic shockwave analysis: exploring the NGSIM trajectory data},
  author={Lu, Xiao-Yun and Skabardonis, Alexander},
  booktitle={86th Annual Meeting of the Transportation Research Board, Washington, DC},
  year={2007}
}

@article{williams2003modeling,
  title={Modeling and forecasting vehicular traffic flow as a seasonal ARIMA process: Theoretical basis and empirical results},
  author={Williams, Billy M and Hoel, Lester A},
  journal={Journal of transportation engineering},
  volume={129},
  number={6},
  pages={664--672},
  year={2003},
  publisher={American Society of Civil Engineers}
}
